@misc{euipo,
  author = {EUIPO},
  title = {Ogni anno, la contraffazione in 13 settori economici rilevanti costa all’UE 60 miliardi di EUR},
  year = 2018,
  url = {https://euipo.europa.eu/tunnel-web/secure/webdav/guest/document_library/observatory/docs/Press_releases/Spring_campaign_Press_release_final_IT.pdf},
  note = {ultimo accesso 21/05/2019}
}

@misc{eesc,
  author = {EESC},
  title = {Fake products cost 800,000 jobs annually},
  year = 2017,
  url = {https://www.eesc.europa.eu/en/news-media/news/fake-products-cost-800000-jobs-annually},
  note = {ultimo accesso 21/05/2019}
}

@book{ethereumbook,
  author = {Andreas M. Antonopoulos, Gavin Wood},
  title = {Mastering Ethereum},
  publisher = {O'Reilly},
  year = {2018},
  howpublished = "\url{https://github.com/ethereumbook/ethereumbook/blob/develop/01what-is.asciidoc}",
  edition = "second edition"
}

@misc{ethereum-org,
  author = {Ethereum},
  url = {https://www.ethereum.org/},
  note = {ultimo accesso 21/05/2019}
}

@misc{token,
  author = {BitcoinWiki},
  title = {Token},
  url = {https://en.bitcoinwiki.org/wiki/Token},
  note = {ultimo accesso 22/05/2019}
}

@misc{pow,
  author = {BitcoinWiki},
  title = {Proof of Work},
  url = {https://en.bitcoin.it/wiki/Proof_of_work},
  note = {ultimo accesso 22/05/2019}
}

@misc{plasma,
  author = {Emanuele Pagliari},
  title = {Ethereum: “tre progetti di Plasma pronti al rilascio”, dice Vitalik},
  year = 2018,
  url = {https://www.cryptominando.it/2018/07/06/ethereum-progetti-plasma-pronti-vitalik/},
  note = {ultimo accesso 22/05/2019}
}

@misc{ipfs,
  author = {IPFS},
  title = {IPFS is the Distributed Web},
  url = {https://github.com/ipfs/ipfs},
  note = {ultimo accesso 24/05/2019}
}

@misc{ipfs-io,
  author = {IPFS},
  title = {IPFS},
  howpublished = {https://ipfs.io/},
  note = {ultimo accesso 24/05/2019}
}

@misc{swarm,
  author = {Swarm},
  title = {Welcome to the Swarm documentation},
  url = {https://swarm-guide.readthedocs.io/en/latest/index.html},
  note = {ultimo accesso 24/05/2019}
}

@misc{distribuito,
  author = {Techopedia},
  title = {Distributed System},
  url = {https://www.techopedia.com/definition/18909/distributed-system},
  note = {ultimo accesso 26/05/2019}
}

@misc{distribuito-medium,
  author = {Stanislav Kozlovski},
  title = {A Thorough Introduction to Distributed Systems},
  url = {https://medium.freecodecamp.org/a-thorough-introduction-to-distributed-systems-3b91562c9b3c},
  note = {ultimo accesso 26/05/2019}
}

@misc{decentralizzato,
  author = {MaRi Eagar},
  title = {What is the difference between decentralized and distributed systems?},
  url = {https://medium.com/distributed-economy/what-is-the-difference-between-decentralized-and-distributed-systems-f4190a5c6462},
  note = {ultimo accesso 26/05/2019}
}

@misc{p2p,
  author = {Wikipedia},
  title = {Peer-to-peer},
  url = {https://it.wikipedia.org/wiki/Peer-to-peer},
  note = {ultimo accesso 26/05/2019}
}

@misc{bCerty-whitepaper,
  author = {Digicando},
  title = {Rewarded market certification and distributed brand’s anti-counterfeiting},
  url = {https://www.digicando.com/contents/uploads/2018/03/ICO-whitepaper-ENG-13-march-2018.pdf},
  note = {ultimo accesso 20/06/2019}
}

@misc{solidity-documentation,
  author = {Solidity},
  title = {Solidity},
  url = {https://solidity.readthedocs.io/en/latest/},
  note = {ultimo accesso 17/08/2019}
}

@misc{trufflesuite,
  author = {Truffle Blockchain Group},
  title = {Truffle Suite},
  url = {https://www.trufflesuite.com/},
  note = {ultimo accesso 17/08/2019}
}

@misc{blockchain,
  author = {Wikipedia},
  title = {Blockchain},
  url = {https://en.wikipedia.org/wiki/Blockchain},
  note = {ultimo accesso 20/08/2019}
}

@misc{merkle-tree,
  author = {Wikipedia},
  title = {Merkle tree},
  url = {https://en.wikipedia.org/wiki/Merkle_tree},
  note = {ultimo accesso 20/08/2019}
}

@misc{ethereum,
  author = {Wikipedia},
  title = {Ethereum},
  url = {https://en.wikipedia.org/wiki/Ethereum},
  note = {ultimo accesso 20/08/2019}
}

@misc{ethereum-scalability,
  author = {Hunter Hillman},
  title = {The Case for Ethereum Scalability},
  url = {https://medium.com/connext/the-case-for-ethereum-scalability-d2a8035f880f},
  note = {ultimo accesso 20/08/2019}
}

@misc{criptovaluta,
  author = {Wikipedia},
  title = {Cryptocurrency},
  url = {https://en.wikipedia.org/wiki/Cryptocurrency},
  note = {ultimo accesso 21/08/2019}
}